@inproceedings{mahajan2008block,
  title={Block sorting: A characterization and some heuristics},
  author={Mahajan, Meena and Rama, Raghavan and Vijayakumar, S},
  booktitle={Nordic Journal of Computing},
  year={2008}
}

@article{mahajan2006approximate,
  title={Approximate block sorting},
  author={Mahajan, Meena and Rama, Raghavan and Raman, Venkatesh and Vijaykumar, S},
  journal={International Journal of Foundations of Computer Science},
  volume={17},
  number={02},
  pages={337--355},
  year={2006},
  publisher={World Scientific}
}

@inproceedings{narayanaswamy2015block,
  title={Block sorting is apx-hard},
  author={Narayanaswamy, NS and Roy, Swapnoneel},
  booktitle={International Conference on Algorithms and Complexity},
  pages={377--389},
  year={2015},
  organization={Springer}
}

@article{bafna1996genome,
  title={Genome rearrangements and sorting by reversals},
  author={Bafna, Vineet and Pevzner, Pavel A},
  journal={SIAM Journal on Computing},
  volume={25},
  number={2},
  pages={272--289},
  year={1996},
  publisher={SIAM}
}

@article{roy2008sorting,
  title={Sorting Primitives and Genome Rearrangement in Bioinformatics: A Unified Perspective},
  author={Roy, Swapnoneel and Rahman, Minhazur and Thakur, Ashok Kumar},
  journal={World Academy of Science, Engineering and Technology},
  volume={38},
  pages={363--368},
  year={2008}
}